@article{buckley2005towards,
  title={Towards a taxonomy of software change},
  author={Buckley, Jim and Mens, Tom and Zenger, Matthias and Rashid, Awais and Kniesel, G{\"u}nter},
  journal={Journal of Software Maintenance and Evolution: Research and Practice},
  volume={17},
  number={5},
  pages={309--332},
  year={2005},
  publisher={Wiley Online Library},
  doi = {10.1002/smr.319}
}

@inproceedings{mens2003towards,
  title={Towards a taxonomy of software evolution},
  author={Mens, Tom and Buckley, Jim and Zenger, Matthias and Rashid, Awais},
  booktitle={Proceedings of the International Workshop on Unanticipated Software Evolution},
  year={2003},
}

@inproceedings{ufuktepe2021relation,
  title={The relation between bug fix change patterns and change impact analysis},
  author={Ufuktepe, Ekincan and Tuglular, Tugkan and Palaniappan, Kannappan},
  booktitle={2021 IEEE 21st International Conference on Software Quality, Reliability and Security (QRS)},
  pages={1089--1099},
  year={2021},
  organization={IEEE},
  doi ={10.1109/QRS54544.2021.00117}}
}

@inproceedings{nguyen2013study,
  title={A study of repetitiveness of code changes in software evolution},
  author={Nguyen, Hoan Anh and Nguyen, Anh Tuan and Nguyen, Tung Thanh and Nguyen, Tien N and Rajan, Hridesh},
  booktitle={2013 28th IEEE/ACM International Conference on Automated Software Engineering (ASE)},
  pages={180--190},
  year={2013},
  organization={IEEE},
  doi = {10.1109/ASE.2013.6693078}

}

@article{islam2021changes,
  title={What changes in where? an empirical study of bug-fixing change patterns},
  author={Islam, Md Rakibul and Zibran, Minhaz F},
  journal={ACM SIGAPP Applied Computing Review},
  volume={20},
  number={4},
  pages={18--34},
  year={2021},
  publisher={ACM New York, NY, USA},
  doi = {10.1145/3447332.3447334}

}

@article{trautsch2023really,
  title={What really changes when developers intend to improve their source code: a commit-level study of static metric value and static analysis warning changes},
  author={Trautsch, Alexander and Erbel, Johannes and Herbold, Steffen and Grabowski, Jens},
  journal={Empirical Software Engineering},
  volume={28},
  number={2},
  pages={30},
  year={2023},
  publisher={Springer},
  doi = {10.1007/s10664-022-10257-9}

}

@inproceedings{fluri2008discovering,
  title={Discovering patterns of change types},
  author={Fluri, Beat and Giger, Emanuel and Gall, Harald C},
  booktitle={2008 23rd IEEE/ACM International Conference on Automated Software Engineering},
  pages={463--466},
  year={2008},
  organization={IEEE},
  doi = {10.1109/ASE.2008.74}

}

@inproceedings{palomba2017exploratory,
  title={An exploratory study on the relationship between changes and refactoring},
  author={Palomba, Fabio and Zaidman, Andy and Oliveto, Rocco and De Lucia, Andrea},
  booktitle={2017 IEEE/ACM 25th International Conference on Program Comprehension (ICPC)},
  pages={176--185},
  year={2017},
  organization={IEEE},
  doi = {10.1109/ICPC.2017.38}

}

@inproceedings{lehnert2012taxonomy,
  title={A taxonomy of change types and its application in software evolution},
  author={Lehnert, Steffen and Riebisch, Matthias and others},
  booktitle={2012 IEEE 19th International Conference and Workshops on Engineering of Computer-Based Systems},
  pages={98--107},
  year={2012},
  organization={IEEE},
  doi = {10.1109/ECBS.2012.9}

}

@inproceedings{weissgerber2006identifying,
  title={Identifying refactorings from source-code changes},
  author={Wei{\ss}gerber, Peter and Diehl, Stephan},
  booktitle={21st IEEE/ACM international conference on automated software engineering (ASE'06)},
  pages={231--240},
  year={2006},
  organization={IEEE},
  doi = {10.1109/ASE.2006.41}

}

@inproceedings{mockus2000identifying,
  title={Identifying reasons for software changes using historic databases},
  author={Mockus and Votta},
  booktitle={Proceedings 2000 international conference on software maintenance},
  pages={120--130},
  year={2000},
  organization={IEEE},
  doi = {10.1109/ICSM.2000.883028}

}

@article{fu2015automated,
  title={Automated classification of software change messages by semi-supervised latent dirichlet allocation},
  author={Fu, Ying and Yan, Meng and Zhang, Xiaohong and Xu, Ling and Yang, Dan and Kymer, Jeffrey D},
  journal={Information and Software Technology},
  volume={57},
  pages={369--377},
  year={2015},
  publisher={Elsevier},
  doi = {10.1016/j.infsof.2014.05.017}

}

@inproceedings{mauczka2015dataset,
  title={Dataset of developer-labeled commit messages},
  author={Mauczka, Andreas and Brosch, Florian and Schanes, Christian and Grechenig, Thomas},
  booktitle={2015 IEEE/ACM 12th Working Conference on Mining Software Repositories},
  pages={490--493},
  year={2015},
  organization={IEEE},
  doi = {10.1109/MSR.2015.71}

}

@article{fluri2007change,
  title={Change distilling: Tree differencing for fine-grained source code change extraction},
  author={Fluri, Beat and Wursch, Michael and PInzger, Martin and Gall, Harald},
  journal={IEEE Transactions on software engineering},
  volume={33},
  number={11},
  pages={725--743},
  year={2007},
  publisher={IEEE},
  doi = {10.1109/TSE.2007.70731}
}

@inproceedings{lin2016empirical,
  title={An empirical study on the characteristics of python fine-grained source code change types},
  author={Lin, Wei and Chen, Zhifei and Ma, Wanwangying and Chen, Lin and Xu, Lei and Xu, Baowen},
  booktitle={2016 IEEE international conference on software maintenance and evolution (ICSME)},
  pages={188--199},
  year={2016},
  organization={IEEE},
  doi = {10.1109/ICSME.2016.25}

}

@article{misirli2016studying,
  title={Studying high impact fix-inducing changes},
  author={Misirli, Ayse Tosun and Shihab, Emad and Kamei, Yasukata},
  journal={Empirical Software Engineering},
  volume={21},
  pages={605--641},
  year={2016},
  publisher={Springer}, 
  doi = {10.1007/s10664-015-9370-z}
}

@inproceedings{swanson1976dimensions,
  title={The dimensions of maintenance},
  author={Swanson, E Burton},
  booktitle={Proceedings of the 2nd international conference on Software engineering},
  pages={492--497},
  year={1976},

}

@article{jaafar2017analyzing,
  title={Analyzing software evolution and quality by extracting Asynchrony change patterns},
  author={Jaafar, Fehmi and Lozano, Angela and Gu{\'e}h{\'e}neuc, Yann-Ga{\"e}l and Mens, Kim},
  journal={Journal of Systems and Software},
  volume={131},
  pages={311--322},
  year={2017},
  publisher={Elsevier},
  doi = {10.1016/j.jss.2017.05.047}

}
